<record><leader>00000cas a2200000 a 4500</leader><controlfield tag="001">23675766</controlfield><controlfield tag="008">910502d18uu18uuiludn ne      0   a0eng c</controlfield><datafield ind1=" " ind2=" " tag="010"><subfield code="a">sn 91054055 </subfield></datafield><datafield ind1=" " ind2=" " tag="040"><subfield code="a">NVF</subfield><subfield code="b">eng</subfield><subfield code="c">NVF</subfield><subfield code="d">OCL</subfield><subfield code="d">NVF</subfield><subfield code="d">OCLCQ</subfield><subfield code="d">NVF</subfield><subfield code="d">OCLCF</subfield><subfield code="d">OCLCO</subfield></datafield><datafield ind1=" " ind2=" " tag="042"><subfield code="a">pcc</subfield></datafield><datafield ind1=" " ind2=" " tag="043"><subfield code="a">n-us-il</subfield></datafield><datafield ind1="0" ind2="4" tag="245"><subfield code="a">The Daily Robinson constitution.</subfield></datafield><datafield ind1=" " ind2=" " tag="250"><subfield code="a">Fair ed.</subfield></datafield><datafield ind1=" " ind2=" " tag="260"><subfield code="a">Robinson, Crawford County, Ill. :</subfield><subfield code="b">J.H. Fulton &amp; H.O. Hiser</subfield></datafield><datafield ind1=" " ind2=" " tag="300"><subfield code="a">v.</subfield></datafield><datafield ind1=" " ind2=" " tag="310"><subfield code="a">Daily (during the annual Crawford County Fair)</subfield></datafield><datafield ind1=" " ind2=" " tag="580"><subfield code="a">Weekly ed.: Robinson constitution.</subfield></datafield><datafield ind1=" " ind2=" " tag="588"><subfield code="a">Description based on: Fair ed. 1887, no. 1 (Sept. 21, 1887).</subfield></datafield><datafield ind1=" " ind2=" " tag="588"><subfield code="a">Latest issue consulted: Sept. 27, 1889.</subfield></datafield><datafield ind1=" " ind2="0" tag="650"><subfield code="a">Agricultural exhibitions</subfield><subfield code="z">Illinois</subfield><subfield code="z">Crawford</subfield><subfield code="v">Newspapers.</subfield></datafield><datafield ind1=" " ind2="0" tag="650"><subfield code="a">Fairs</subfield><subfield code="z">Illinois</subfield><subfield code="z">Crawford</subfield><subfield code="v">Newspapers.</subfield></datafield><datafield ind1=" " ind2="0" tag="651"><subfield code="a">Robinson (Ill.)</subfield><subfield code="v">Newspapers.</subfield></datafield><datafield ind1=" " ind2="0" tag="651"><subfield code="a">Crawford County (Ill.)</subfield><subfield code="v">Newspapers.</subfield></datafield><datafield ind1=" " ind2="7" tag="655"><subfield code="a">Newspapers.</subfield><subfield code="2">fast</subfield><subfield code="0">(OCoLC)fst01423814</subfield></datafield><datafield ind1=" " ind2="7" tag="651"><subfield code="a">Illinois</subfield><subfield code="z">Robinson.</subfield><subfield code="2">fast</subfield><subfield code="0">(OCoLC)fst01217907</subfield></datafield><datafield ind1=" " ind2=" " tag="752"><subfield code="a">United States</subfield><subfield code="b">Illinois</subfield><subfield code="c">Crawford</subfield><subfield code="d">Robinson.</subfield></datafield><datafield ind1="1" ind2=" " tag="775"><subfield code="t">Robinson constitution</subfield><subfield code="w">(DLC)sn 91054053</subfield><subfield code="w">(OCoLC)23675641</subfield></datafield></record>